@manual{MATLAB2024b,
  title        = {MATLAB R2024b},
  author       = {The MathWorks, Inc.},
  year         = {2024},
  address      = {Natick, Massachusetts, United States},
  url          = {https://www.mathworks.com/products/matlab.html}
}

@misc{GNSSLogger,
  title        = {GNSS Logger v3.1.0.4},
  author       = {Google LLC},
  year         = {2025},
  url          = {https://play.google.com/store/apps/details?id=com.google.android.apps.gnsslogger}
}

@misc{GoogleGNSS,
  title        = {GNSS Analysis Tools},
  author       = {Google LLC},
  year         = {2025},
  url          = {https://github.com/google/gps-measurement-tools}
}

@misc{LabGNSSRepo,
  title        = {LabGNSS: repository containing the material and the documentation for the GNSS Lab.},
  author       = {WDCSecure},
  year         = {2025},
  url          = {https://github.com/WDCSecure/LabGNSS.git}
}
